<?xml version="1.0" encoding="UTF-8"?><collection xmlns="http://www.loc.gov/MARC21/slim"><record><leader>00449nam--2200133-i-4500</leader><controlfield tag="001">000039222</controlfield><controlfield tag="002">20161230</controlfield><controlfield tag="005">20161230201042</controlfield><controlfield tag="008">060222s1000------------r-----000-0-eng-d</controlfield><datafield ind1=" " ind2=" " tag="080"><subfield code="a">543.53</subfield></datafield><datafield ind1=" " ind2=" " tag="100"><subfield code="a">Robins, Clinton Howard</subfield></datafield><datafield ind1=" " ind2=" " tag="245"><subfield code="a">A digital computer technique for qualitative analysis of complex samples from thein neutron induced gamma ray activities. /thesis</subfield></datafield><datafield ind1=" " ind2=" " tag="260"><subfield code="a">Ann Arbor, Michigan, Univ.Microfilms Inc., 1967, 139p</subfield></datafield><datafield ind1=" " ind2=" " tag="852"><subfield code="a">29897</subfield></datafield></record></collection>